@article{Ramachandra2017,
author = {Ramachandra, Karthik and Park, Kwanghyun and Emani, K. Venkatesh and Halverson, Alan and Galindo-Legaria, C\'{e}sar and Cunningham, Conor},
title = {Froid: Optimization of Imperative Programs in a Relational Database},
year = {2017},
issue_date = {December 2017},
publisher = {VLDB Endowment},
volume = {11},
number = {4},
issn = {2150-8097},
url = {https://doi.org/10.1145/3186728.3164140},
doi = {10.1145/3186728.3164140},
journal = {Proc. VLDB Endow.},
month = dec,
pages = {432â€“444},
numpages = {13}
}
  
@article{Duta2019,
	title={Compiling PL/SQL Away},
	author={C. Duta and Denis Hirn and Torsten Grust},
	journal={ArXiv},
	year={2019},
	volume={abs/1909.03291}
}