@article{a16-graefe,
    author = {Graefe, Groetz},
    title = {A Survey of B-Tree Locking Techniques},
    journal = {ACM Trans. Datab. Syst},
    issue_date = {July 2010},
    volume = {35},
    number = {3},
    month = {July},
    year = {2010},
    url = {https://dl.acm.org/citation.cfm?doid=1806907.1806908},
}

@inproceedings{harizopoulos08,
  author = {Harizopoulos, Stavros and Abadi, Daniel J. and Madden, Samuel and Stonebraker, Michael},
  title = {{OLTP} through the looking glass, and what we found there},
  booktitle = {SIGMOD '08: Proceedings of the 2008 ACM SIGMOD International Conference on Management 
of Data},
  year = {2008},
  pages = {981--992},
  doi = {http://doi.acm.org/10.1145/1376616.1376713},
}

@inproceedings{stonebraker2007,
  author = {Stonebraker, Michael and Madden, Samuel and Abadi, Daniel J. and Harizopoulos, Stavros 
and Hachem, Nabil and Helland, Pat},
  title = {The end of an Architectural Era: (It's Time for a Complete Rewrite)},
  booktitle = {VLDB '07: Proceedings of the 33rd international conference on Very large data bases},
  year = {2007},
  pages = {1150--1160},
  url = {http://hstore.cs.brown.edu/papers/hstore-endofera.pdf},
}

@TechReport{heytens95,
    author = {Heytens, M. and Listgarten, S. and Neimat, M-A. and Wilkinson, K.},
    title = {Smallbase: A Main-Memory DBMS for High-Performance Applications},
    institution = {Hewlett-Packard Laboratories},
    year = {1995},
}

@inproceedings{cha04,
    author = {Cha, Sang K. and Song, Changbin},
    title = {P*TIME: Highly Scalable OLTP DBMS for Managing Update-intensive Stream Workload},
    booktitle = {Proceedings of the Thirtieth International Conference on Very Large Data Bases - 
    Volume 30},
    series = {VLDB '04},
    year = {2004},
    pages = {1033--1044},
    url = {http://dl.acm.org/citation.cfm?id=1316689.1316778},
} 

@inproceedings{arulraj15,
  author    = {Joy Arulraj and
               Andrew Pavlo and
               Subramanya Dulloor},
  title     = {{Let's Talk About Storage \& Recovery Methods for Non-Volatile 
               Memory Database Systems}},
  booktitle = {Proceedings of the 2015 International Conference on Management of Data},
  series = {SIGMOD '15},
  pages = {707--722}, 
  year      = {2015},
}


@article{lahiri13,
    author = {Lahiri, Tirthankar and Neimat, Marie-Anne and Folkman, Steve},
    title = {Oracle TimesTen: An In-Memory Database for Enterprise Applications.},
    journal = {IEEE Data Eng. Bull.},
    number = {2},
    pages = {6--13},
    volume = {36},
    year = {2013},
    url = {http://sites.computer.org/debull/A13june/TimesTen1.pdf},
}

@article{Dali,
    author = {Jagadish, H.V. and Lieuwen, Daniel and Rastogi, Rajeev and Silberschatz, Avi},
    title = {Dali: A High Performance Main Memory Storage Manager},
    journal = {VLDB},
    issue_date = {1994},
    pages = {48--59},
    url = {http://www.vldb.org/conf/1994/P048.PDF},
}

@incollection{franklin14,
  author    = {Michael J. Franklin},
  title     = {Concurrency Control and Recovery},
  booktitle = {Computing Handbook, Third Edition: Information Systems and Information
               Technology},
  pages     = {12: 1--21},
  year      = {2014},
  url = {http://db.lcs.mit.edu/6.893/F04/ccandr.pdf}
}

@article{p213-kung,
    author = {Kung, H. T. and Robinson, John T.},
    title = {On optimistic methods for concurrency control},
    journal = {ACM Trans. Datab. Syst},
    issue_date = {June 1981},
    volume = {6},
    number = {2},
    month = {June},
    year = {1981},
    url = {https://dl.acm.org/citation.cfm?id=319567}
}

@inproceedings{p209-yu,
  author = {Yu, Xiangyao and Bezerra, George and Pavlo, Andrew and Devadas, Srinivas and Stonebraker, Michael},
  title = {Staring into the abyss: an evaluation of concurrency control with one thousand cores},
  booktitle = {VLDB '14: Proceedings of the VLDB Endowment},
  volume = {8},
  number = {13},
  month = {November},
  year = {2014},
  pages = {209-220},
  url = {https://dl.acm.org/citation.cfm?id=2735511},
}

@inproceedings{tu-sosp2013,
  author = {Tu, Stephen and Zheng, Wenting and Kohler, Eddie and Liskov, Barbara and Madden, Samuel},
  title = {Speedy transactions in multicore in-memory databases},
  booktitle = {SOSP '13: Proceedings of the Twenty-Fourth ACM Symposium on Operating Systems Principles},
  issue_date = {November 2013},
  month = {November},
  year = {2013},
  doi = {https://dl.acm.org/citation.cfm?id=2522713},
}

@misc{silo,
    title = {{Silo -  Multicore In-Memory Storage Engine}},
    howpublished = {\url{https://github.com/stephentu/silo}}
}

@article{reed1978naming,
        title={{Naming and Synchronization in a Decentralized Computer System}},
        author={Reed, David Patrick},
        journal={Ph.D. dissertation},
        year={1978}
}

@inproceedings{p1-berenson,
  author = {Berenson, Hal and Bernstein, Phil and Gray, Jim and Melton Jim and O'Neil, Elizabeth and O'Neil, Patrick},
  title = {A critique of ANSI SQL isolation levels},
  booktitle = {SIGMOD '95 Proceedings of the 1995 ACM SIGMOD international conference on Management of data},
  pages = {1-10},
  url = {https://dl.acm.org/citation.cfm?id=223785},
}

@inproceedings{p781-wu,
  author = {Wu, Yingjun and
            Arulraj, Joy and
            Lin, Jiexi and
            Xian, Ran and
            Pavlo, Andrew},
  title = {An empirical evaluation of in-memory multi-version concurrency control},
  booktitle = {VLDB '17: Proceedings of the VLDB Endowment},
  volume = {10},
  number = {7},
  month = {March},
  year = {2017},
  pages = {781-792},
  url = {https://dl.acm.org/citation.cfm?id=3067427},
}

@inproceedings{adya00,
    author={A. {Adya} and B. {Liskov} and P. {O'Neil}},
    title={Generalized isolation level definitions},
    booktitle={ICDE},
    year={2000},
    month={Feb},
    pages={67--78},
    url = {https://doi.org/10.1109/ICDE.2000.839388},
}
