@article{velox,
    author = {Pedro Pedreira, Orri Erling, Masha Basmanova, Kevin Wilfong, Laith Sakka, Krishna Pai, Wei He, Biswapesh Chattopadhyay},
    title = {Velox: Meta's Unified Execution Engine},
    year = {2022},
    doi = {https://dl.acm.org/doi/10.14778/3554821.3554829}
}
