@article{Williams2008,
author = {Williams, R.},
title = {How We Found The Missing Memristor},
year = {2008},
issue_date = {December 2008},
publisher = {IEEE Press},
volume = {45},
number = {12},
issn = {0018-9235},
url = {https://doi.org/10.1109/MSPEC.2008.4687366},
doi = {10.1109/MSPEC.2008.4687366},
journal = {IEEE Spectr.},
month = dec,
pages = {28–35},
numpages = {8}
}
  
@article{Lee2010,
	author = {Lee, Benjamin C. and Ipek, Engin and Mutlu, Onur and Burger, Doug},
	title = {Phase Change Memory Architecture and the Quest for Scalability},
	year = {2010},
	issue_date = {July 2010},
	publisher = {Association for Computing Machinery},
	address = {New York, NY, USA},
	volume = {53},
	number = {7},
	issn = {0001-0782},
	url = {https://doi.org/10.1145/1785414.1785441},
	doi = {10.1145/1785414.1785441},
	journal = {Commun. ACM},
	month = jul,
	pages = {99–106},
	numpages = {8}
}

@inproceedings{Arulraj2015,
	author = {Arulraj, Joy and Pavlo, Andrew and Dulloor, Subramanya R.},
	title = {Let’s Talk About Storage & Recovery Methods for Non-Volatile Memory Database Systems},
	year = {2015},
	isbn = {9781450327589},
	publisher = {Association for Computing Machinery},
	address = {New York, NY, USA},
	url = {https://doi.org/10.1145/2723372.2749441},
	doi = {10.1145/2723372.2749441},
	booktitle = {Proceedings of the 2015 ACM SIGMOD International Conference on Management of Data},
	pages = {707–722},
	numpages = {16},
	keywords = {recovery, oltp, storage engines, non-volatile memory},
	location = {Melbourne, Victoria, Australia},
	series = {SIGMOD ’15}
}

@article{Arulraj2016,
	author = {Arulraj, Joy and Perron, Matthew and Pavlo, Andrew},
	title = {Write-behind Logging},
	year = {2016},
	issue_date = {November 2016},
	publisher = {VLDB Endowment},
	volume = {10},
	number = {4},
	issn = {2150-8097},
	url = {https://doi.org/10.14778/3025111.3025116},
	doi = {10.14778/3025111.3025116},
	journal = {Proc. VLDB Endow.},
	month = nov,
	pages = {337–348},
	numpages = {12}
}

@article{Makreshanski2015,
	author = {Makreshanski, Darko and Levandoski, Justin and Stutsman, Ryan},
	title = {To Lock, Swap, or Elide: On the Interplay of Hardware Transactional Memory and Lock-Free Indexing},
	year = {2015},
	issue_date = {July 2015},
	publisher = {VLDB Endowment},
	volume = {8},
	number = {11},
	issn = {2150-8097},
	url = {https://doi.org/10.14778/2809974.2809990},
	doi = {10.14778/2809974.2809990},
	journal = {Proc. VLDB Endow.},
	month = jul,
	pages = {1298–1309},
	numpages = {12}
}





