@article{haigh16,
    author = {Haigh, Thomas},
    title = {How Charles Bachman Invented the DBMS, a Foundation of Our Digital World},
    journal = {Commun. ACM},
    issue_date = {July 2016},
    volume = {59},
    number = {7},
    month = jun,
    year = {2016},
    pages = {25--30},
    url = {http://doi.acm.org/10.1145/2935880},
} 

@misc{bachman-interview,
    title = {{Oral-History:Charles Bachman}},
    month = {April},
    year = {2011},
    howpublished = {\url{http://ethw.org/Oral-History:Charles_Bachman}}
} 

@article{stonebraker2005goes,
  title={What goes around comes around},
  author={Stonebraker, Michael and Hellerstein, Joey},
  journal={Readings in Database Systems},
  volume={4},
  year={2005},
  publisher={M. Stonebraker, and JM Hellerstein}
}

@article{michaels76,
    author = {Michaels, Ann S. and Mittman, Benjamin and Carlson, C. Robert},
    title = {A Comparison of the Relational and CODASYL Approaches to Data-Base Management},
    journal = {ACM Comput. Surv.},
    issue_date = {March 1976},
    volume = {8},
    number = {1},
    month = mar,
    year = {1976},
    url = {http://doi.acm.org/10.1145/356662.356668},
}

@article{cattell10,
    author = {Cattell, Rick},
    title = {Scalable SQL and NoSQL data stores},
    journal = {SIGMOD Rec.},
    issue_date = {December 2010},
    volume = {39},
    issue = {4},
    year = {2011},
    pages = {12--27},
    url = {http://doi.acm.org/10.1145/1978915.1978919},
}

@article{pavlo16,
    author = {Pavlo, Andrew and Aslett, Matthew},
    title = {What's Really New with NewSQL?},
    journal = {SIGMOD Rec.},
    issue_date = {June 2016},
    volume = {45},
    number = {2},
    month = sep,
    year = {2016},
    pages = {45--55},
    url = {http://doi.acm.org/10.1145/3003665.3003674},
}

@incollection{aslett11,
    author = {Matt Aslett},
    title = {How will the database incumbents respond to {NoSQL} and {NewSQL}?},
    month = {April},
    year = {2011},
    publisher = {The 451 Group},
    url = {http://www.the451group.com/report_view/report_view.php?entity_id=66963}
}

@article{codd70,
    author = {Codd, E. F.},
    title = {A Relational Model of Data for Large Shared Data Banks},
    journal = {Commun. ACM},
    issue_date = {June 1970},
    volume = {13},
    number = {6},
    month = jun,
    year = {1970},
    pages = {377--387},
    url = {http://doi.acm.org/10.1145/362384.362685},
} 

@book{zdonik89,
    editor = {Zdonik, Stanley B. and Maier, David},
    title = {Readings in Object-oriented Database Systems},
    year = {1990},
    isbn = {0-55860-000-0},
    publisher = {Morgan Kaufmann Publishers Inc.},
} 

@misc{pezzini14,
    author = {Massimo Pezzini and Donald Feinberg and Nigel Rayner and Roxane Edjlali},
    title = {{Hybrid Transaction/Analytical Processing Will Foster Opportunities for Dramatic 
              Business Innovation}},
    howpublished = {\url{https://www.gartner.com/doc/2657815/}},  
    year   = {2014}
}

@book{klein12,
    author = {Klein, Barbara and Long, Richard Alan and Blackman, Kenneth Ray and 
            Goff, Diane Lynne and Nathan, Stephen Paul and Lanyi, Moira McFadden and 
            Wilson, Margaret M. and Butterweck, John and Sherrill, Sandra L.},
    title = {An Introduction to IMS: Your Complete Guide to IBM Information Management System},
    year = {2012},
    edition = {2nd},
    publisher = {IBM Press},
} 

@article{bachman66,
    author    = {Charles W. Bachman},
    title     = {On a generalized language for file organization and manipulation},
    journal   = {Commun. {ACM}},
    volume    = {9},
    number    = {3},
    pages     = {225--226},
    year      = {1966},
    url       = {http://doi.acm.org/10.1145/365230.365272},
}

@article{taylor76,
    author = {Taylor, Robert W. and Frank, Randall L.},
    title = {CODASYL Data-Base Management Systems},
    journal = {ACM Comput. Surv.},
    issue_date = {March 1976},
    volume = {8},
    number = {1},
    month = mar,
    year = {1976},
    pages = {67--103},
    url = {http://doi.acm.org/10.1145/356662.356666},
} 

@article{a16-graefe,
    author = {Graefe, Groetz},
    title = {A Survey of B-Tree Locking Techniques},
    journal = {ACM Trans. Datab. Syst},
    issue_date = {July 2010},
    volume = {35},
    number = {3},
    month = {July},
    year = {2010},
    url = {https://dl.acm.org/citation.cfm?doid=1806907.1806908},
}

@inproceedings{harizopoulos08,
  author = {Harizopoulos, Stavros and Abadi, Daniel J. and Madden, Samuel and Stonebraker, Michael},
  title = {{OLTP} through the looking glass, and what we found there},
  booktitle = {SIGMOD '08: Proceedings of the 2008 ACM SIGMOD International Conference on Management 
of Data},
  year = {2008},
  pages = {981--992},
  doi = {http://doi.acm.org/10.1145/1376616.1376713},
}

@inproceedings{stonebraker2007,
  author = {Stonebraker, Michael and Madden, Samuel and Abadi, Daniel J. and Harizopoulos, Stavros 
and Hachem, Nabil and Helland, Pat},
  title = {The end of an Architectural Era: (It's Time for a Complete Rewrite)},
  booktitle = {VLDB '07: Proceedings of the 33rd international conference on Very large data bases},
  year = {2007},
  pages = {1150--1160},
  url = {http://hstore.cs.brown.edu/papers/hstore-endofera.pdf},
}

@TechReport{heytens95,
    author = {Heytens, M. and Listgarten, S. and Neimat, M-A. and Wilkinson, K.},
    title = {Smallbase: A Main-Memory DBMS for High-Performance Applications},
    institution = {Hewlett-Packard Laboratories},
    year = {1995},
}

@inproceedings{cha04,
    author = {Cha, Sang K. and Song, Changbin},
    title = {P*TIME: Highly Scalable OLTP DBMS for Managing Update-intensive Stream Workload},
    booktitle = {Proceedings of the Thirtieth International Conference on Very Large Data Bases - 
    Volume 30},
    series = {VLDB '04},
    year = {2004},
    pages = {1033--1044},
    url = {http://dl.acm.org/citation.cfm?id=1316689.1316778},
} 

@inproceedings{arulraj15,
  author    = {Joy Arulraj and
               Andrew Pavlo and
               Subramanya Dulloor},
  title     = {{Let's Talk About Storage \& Recovery Methods for Non-Volatile 
               Memory Database Systems}},
  booktitle = {Proceedings of the 2015 International Conference on Management of Data},
  series = {SIGMOD '15},
  pages = {707--722}, 
  year      = {2015},
}


@article{lahiri13,
    author = {Lahiri, Tirthankar and Neimat, Marie-Anne and Folkman, Steve},
    title = {Oracle TimesTen: An In-Memory Database for Enterprise Applications.},
    journal = {IEEE Data Eng. Bull.},
    number = {2},
    pages = {6--13},
    volume = {36},
    year = {2013},
    url = {http://sites.computer.org/debull/A13june/TimesTen1.pdf},
}

@article{jagadish94,
    author = {Jagadish, H.V. and Lieuwen, Daniel and Rastogi, Rajeev and Silberschatz, Avi},
    title = {Dali: A High Performance Main Memory Storage Manager},
    journal = {VLDB},
    issue_date = {1994},
    pages = {48--59},
    url = {http://www.vldb.org/conf/1994/P048.PDF},
}

@incollection{franklin14,
  author    = {Michael J. Franklin},
  title     = {Concurrency Control and Recovery},
  booktitle = {Computing Handbook, Third Edition: Information Systems and Information
               Technology},
  pages     = {12: 1--21},
  year      = {2014},
  url = {http://db.lcs.mit.edu/6.893/F04/ccandr.pdf}
}

