@article{a16-graefe,
    author = {Graefe, Groetz},
    title = {A Survey of B-Tree Locking Techniques},
    journal = {ACM Trans. Datab. Syst},
    issue_date = {July 2010},
    volume = {35},
    number = {3},
    month = {July},
    year = {2010},
    url = {https://dl.acm.org/citation.cfm?doid=1806907.1806908},
}


@article{looking-glass,
    author = {Harizopoulos, Stavros and Abadi, Daniel J. and Madden, Samuel and Stonebraker, Michael},
    title = {OLTP THROUGH THE LOOKING GLASS, AND WHAT WE FOUND THERE},
    journal = {SIGMOD Rec.},
    issue_date = {2008},
    pages = {981--992},
    url = {http://hstore.cs.brown.edu/papers/hstore-lookingglass.pdf},
}

@article{non-volatile,
    author = {Arulraj, Joy and Pavlo, Andrew, and Dulloor, Subramanya R.},
    title = {Letâ€™s Talk About Storage & Recovery Methods for Non-Volatile Memory Database Systems},
    journal = {SIGMOD Rec.},
    issue_date = {2015},
    pages = {707-722},
    url = {http://db.cs.cmu.edu/papers/2015/p707-arulraj.pdf},
}

@article{TimesTen,
    author = {Lahiri, Tirthankar, and Neimat, Marie-Anne and Folkman, Steve},
    title = {Oracle TimesTen: An In-Memory Database for Enterprise Applications},
    journal = {VLDB},
    issue_date = {2004},
    pages = {1033-1044},
    url = {http://sites.computer.org/debull/A13june/TimesTen1.pdf},
}

@article{Dali,
    author = {Jagadish, H.V. and Lieuwen, Daniel and Rastogi, Rajeev and Silberschatz, Avi},
    title = {Dali: A High Performance Main Memory Storage Manager},
    journal = {VLDB},
    issue_date = {1994},
    pages = {48-59},
    url = {http://www.vldb.org/conf/1994/P048.PDF},
}
