@article{Balkesen2013,
author = {Balkesen, Cagri and Alonso, Gustavo and Teubner, Jens and \"{O}zsu, M. Tamer},
title = {Multi-Core, Main-Memory Joins: Sort vs. Hash Revisited},
year = {2013},
issue_date = {September 2013},
publisher = {VLDB Endowment},
volume = {7},
number = {1},
issn = {2150-8097},
url = {https://doi.org/10.14778/2732219.2732227},
doi = {10.14778/2732219.2732227},
journal = {Proc. VLDB Endow.},
month = sep,
pages = {85–96},
numpages = {12}
}
  
@article{Kim2009,
	author = {Kim, Changkyu and Kaldewey, Tim and Lee, Victor W. and Sedlar, Eric and Nguyen, Anthony D. and Satish, Nadathur and Chhugani, Jatin and Di Blas, Andrea and Dubey, Pradeep},
	title = {Sort vs. Hash Revisited: Fast Join Implementation on Modern Multi-Core CPUs},
	year = {2009},
	issue_date = {August 2009},
	publisher = {VLDB Endowment},
	volume = {2},
	number = {2},
	issn = {2150-8097},
	url = {https://doi.org/10.14778/1687553.1687564},
	doi = {10.14778/1687553.1687564},
	journal = {Proc. VLDB Endow.},
	month = aug,
	pages = {1378–1389},
	numpages = {12}
}

@article{Chhugani2008,
	author = {Chhugani, Jatin and Nguyen, Anthony D. and Lee, Victor W. and Macy, William and Hagog, Mostafa and Chen, Yen-Kuang and Baransi, Akram and Kumar, Sanjeev and Dubey, Pradeep},
	title = {Efficient Implementation of Sorting on Multi-Core SIMD CPU Architecture},
	year = {2008},
	issue_date = {August 2008},
	publisher = {VLDB Endowment},
	volume = {1},
	number = {2},
	issn = {2150-8097},
	url = {https://doi.org/10.14778/1454159.1454171},
	doi = {10.14778/1454159.1454171},
	journal = {Proc. VLDB Endow.},
	month = aug,
	pages = {1313–1324},
	numpages = {12}
}

@article{Axtmann2017,
	author    = {Michael Axtmann and
	Sascha Witt and
	Daniel Ferizovic and
	Peter Sanders},
	title     = {In-place Parallel Super Scalar Samplesort (IPSSSSo)},
	journal   = {CoRR},
	volume    = {abs/1705.02257},
	year      = {2017},
	url       = {http://arxiv.org/abs/1705.02257},
	archivePrefix = {arXiv},
	eprint    = {1705.02257},
	timestamp = {Mon, 13 Aug 2018 16:48:24 +0200},
	biburl    = {https://dblp.org/rec/journals/corr/AxtmannWF017.bib},
	bibsource = {dblp computer science bibliography, https://dblp.org}
}

@article{Balkesen2013,
	author = {Balkesen, Cagri and Alonso, Gustavo and Teubner, Jens and \"{O}zsu, M. Tamer},
	title = {Multi-Core, Main-Memory Joins: Sort vs. Hash Revisited},
	year = {2013},
	issue_date = {September 2013},
	publisher = {VLDB Endowment},
	volume = {7},
	number = {1},
	issn = {2150-8097},
	url = {https://doi.org/10.14778/2732219.2732227},
	doi = {10.14778/2732219.2732227},
	journal = {Proc. VLDB Endow.},
	month = sep,
	pages = {85–96},
	numpages = {12}
}



