@article{comer79,
    author = {Comer, Douglas},
    title = {Ubiquitous B-Tree},
    journal = {ACM Comput. Surv.},
    issue_date = {June 1979},
    volume = {11},
    number = {2},
    month = jun,
    year = {1979},
    pages = {121--137},
    numpages = {17},
    url = {http://doi.acm.org/10.1145/356770.356776},
    doi = {10.1145/356770.356776},
}

@article{graefe10,
    author = {Graefe, Goetz},
    title = {A Survey of B-tree Locking Techniques},
    journal = {ACM Trans. Database Syst.},
    issue_date = {July 2010},
    volume = {35},
    number = {3},
    month = jul,
    year = {2010},
    pages = {16:1--16:26},
    articleno = {16},
    numpages = {26},
    url = {http://doi.acm.org/10.1145/1806907.1806908},
    doi = {10.1145/1806907.1806908},
} 

@article{a1-bayer,
    author = {Bayer, R. and
              Schkolnick, M.},
    title = {Concurrency of operations on B-trees},
    journal = {Act Informatica},
    issue_date = {March 1977},
    volume = {9},
    number = {1},
    month = {March},
    year = {1977},
    pages={1--21},
    url = {https://dl.acm.org/citation.cfm?id=2699553},
}

@article{p624-eswaran,
    author = {Eswaran K.P. and
              Gray, J. N. and
              Lorie, R. A. and
              Traiger, I. L.},
    title = {The notions of consistency and predicate locks in a database system},
    journal = {Communications of the ACM},
    issue_date = {Nov 1976},
    volume = {19},
    number = {11},
    month = {Nov},
    year = {1976},
    pages={624--633},
    url = {https://dl.acm.org/citation.cfm?id=360369},
}
