@article{10.14778/3275366.3284966,
author = {Kersten, Timo and Leis, Viktor and Kemper, Alfons and Neumann, Thomas and Pavlo, Andrew and Boncz, Peter},
title = {Everything you always wanted to know about compiled and vectorized queries but were afraid to ask},
year = {2018},
issue_date = {September 2018},
publisher = {VLDB Endowment},
volume = {11},
number = {13},
issn = {2150-8097},
url = {https://doi.org/10.14778/3275366.3284966},
doi = {10.14778/3275366.3284966},
journal = {Proc. VLDB Endow.},
month = {sep},
pages = {2209–2222},
numpages = {14}
}

@inproceedings{10.1145/3211922.3211928,
author = {Lang, Harald and Kipf, Andreas and Passing, Linnea and Boncz, Peter and Neumann, Thomas and Kemper, Alfons},
title = {Make the most out of your SIMD investments: counter control flow divergence in compiled query pipelines},
year = {2018},
isbn = {9781450358538},
publisher = {Association for Computing Machinery},
address = {New York, NY, USA},
url = {https://doi.org/10.1145/3211922.3211928},
doi = {10.1145/3211922.3211928},
booktitle = {Proceedings of the 14th International Workshop on Data Management on New Hardware},
articleno = {5},
numpages = {8},
location = {Houston, Texas},
series = {DAMON '18}
}

@inproceedings{Polychroniou2015,
author = {Polychroniou, Orestis and Raghavan, Arun and Ross, Kenneth A.},
title = {Rethinking SIMD Vectorization for In-Memory Databases},
year = {2015},
isbn = {9781450327589},
publisher = {Association for Computing Machinery},
address = {New York, NY, USA},
url = {https://doi.org/10.1145/2723372.2747645},
doi = {10.1145/2723372.2747645},
booktitle = {Proceedings of the 2015 ACM SIGMOD International Conference on Management of Data},
pages = {1493–1508},
numpages = {16},
keywords = {simd, xeon phi, vectorization},
location = {Melbourne, Victoria, Australia},
series = {SIGMOD ’15}
}
  
@article{10.14778/3151113.3151114,
author = {Menon, Prashanth and Mowry, Todd C. and Pavlo, Andrew},
title = {Relaxed operator fusion for in-memory databases: making compilation, vectorization, and prefetching work together at last},
year = {2017},
issue_date = {September 2017},
publisher = {VLDB Endowment},
volume = {11},
number = {1},
issn = {2150-8097},
url = {https://doi.org/10.14778/3151113.3151114},
doi = {10.14778/3151113.3151114},
month = {sep},
pages = {1–13},
numpages = {13}
}