@inproceedings{P294,
  author = {Lehman, Tobin J. and
            Carey, Michael J.},
  title = {A Study of Index Structures for Main Memory Database Management Systems},
  booktitle = {VLDB '86: Proceedings of the 12th international conference on Very large data bases},
  month = {August},
  year = {1986},
  pages = {294--303},
  url = {http://www.vldb.org/conf/1986/P294.PDF},
}

@article{p668-pugh,
    author = {Pugh, William},
    title = {Skip lists: a probabilistic alternative to balanced trees},
    journal = {Communications of the ACM},
    issue_date = {June 1990},
    volume = {33},
    number = {6},
    month = {June},
    year = {1990},
    pages={668--676},
    url = {https://dl.acm.org/citation.cfm?id=78977},
}
@TechReport{hpugh-concurrent-tr1990,
    author = {Pugh, William},
    title = {Concurrent maintenance of skip lists},
    year = {1990},
    url = {https://dl.acm.org/citation.cfm?id=93717},
}

@article{skiplists-done-right2016,
    title = {Skip Lists: Done Right},
    month = {Sept},
    year = {2016},
    url = {http://www.vldb.org/conf/1994/P048.PDF},
}

@inproceedings{bwtree-icde2013,
  author = {Levandoski, Justin J. and
            Lomet, David B. and
            Sengupta, Sudipta},
  title = {The Bw-Tree: A B-tree for new hardware platforms},
  booktitle = {ICDE '13 Proceedings of the 2013 IEEE International Conference on Data Engineering (ICDE 2013)},
  month = {April},
  year = {2013},
  pages = {302--313},
  doi = {https://dl.acm.org/citation.cfm?id=2510649.2511251},
}
