@inproceedings{p1539-ren,
  author = {Ren, Kun and
            Diamond, Thaddeus and
            Abadi, Daniel J. and
            Thomson, Alexander},
  title = {Low-Overhead Asynchronous Checkpointing in Main-Memory Database Systems},
  booktitle = {SIGMOD '16 Proceedings of the 2016 International Conference on Management of Data},
  month = {June},
  year = {2016},
  pages = {1539--1551},
  url = {https://dl.acm.org/citation.cfm?id=2915966},
}

@inproceedings{p265-cao,
  author = {Cao, Tuan and
            Salles, Marcos Vaz and
            Sowell, Benjamin and
            Yue, Yao and
            Demers, Alan and
            Gehrke, Johannes and
            White, Walker},
  title = {Fast checkpoint recovery algorithms for frequently consistent applications},
  booktitle = {SIGMOD '11 Proceedings of the 2011 ACM SIGMOD International Conference on Management of data},
  month = {June},
  year = {2011},
  pages = {265--276},
  url = {https://dl.acm.org/citation.cfm?id=1989352},
}


@inproceedings{p195-kemper,
  author = {Kemper, Alfons and
            Neumann, Thomas},
  title = {HyPer: A hybrid OLTP\&OLAP main memory database system based on virtual memory 
snapshots},
  booktitle = {ICDE '11 Proceedings of the 2011 IEEE 27th International Conference on Data Engineering},
  month = {April},
  year = {2011},
  pages = {195--206},
  url = {https://dl.acm.org/citation.cfm?id=2005619},
}

@inproceedings{p541-goel,
  author = {Goel, Aakash and
            Chopra, Bhuwan and
            Gerea, Ciprian and
            Matani, Dhruv and
            Mezler, Josh and
            Haq, Fahim UI and
            Wiener, Janet},
  title = {Fast database restarts at facebook},
  booktitle = {SIGMOD '14 Proceedings of the 2014 ACM SIGMOD International Conference on Management of data},
  month = {June},
  year = {2014},
  pages = {541--549},
  url = {https://dl.acm.org/citation.cfm?id=2595642},
}


@inproceedings{p104-lehman,
  author = {Lehman, Tobin J. and
            Carey, Michael J.},
  title = {A recovery algorithm for a high-performance memory-resident database system},
  booktitle = {SIGMOD '87 Proceedings of the 1987 ACM SIGMOD international conference on Management of data},
  month = {Dec},
  year = {1987},
  pages = {104--117},
  url = {https://dl.acm.org/citation.cfm?id=38730},
}

@article{p94-mohan,
    author = {Mohan, C. and
              Haderle, Don and
              Lindsay, Bruce and
              Pirahesh, Hamid and
              Schwarz, Peter},
    title = {AARIES: a transaction recovery method supporting fine-granularity locking and partial rollbacks using write-ahead logging},
    journal = {ACM Trans. Datab. Syst},
    issue_date = {March 1992},
    volume = {17},
    number = {1},
    month = {MArch},
    year = {1992},
    pages = {94--162},
    url = {https://dl.acm.org/citation.cfm?id=128770},
}

@inproceedings{zheng-osdi14,
  author = {Zheng, Wenting and
            Tu, Stephen and
            Kohler, Eddie and
            Liskov, Barbara},
  title = {Fast databases with fast durability and recovery through multicore parallelism},
  booktitle = {OSDI'14 Proceedings of the 11th USENIX conference on Operating Systems Design and Implementation},
  month = {Oct},
  year = {2014},
  pages = {465--477},
  url = {https://dl.acm.org/citation.cfm?id=2685085},
}

@INPROCEEDINGS{malviya-icde14,
    author={N. Malviya and A. Weisberg and S. Madden and M. Stonebraker},
    booktitle={2014 IEEE 30th International Conference on Data Engineering},
    title={Rethinking main memory OLTP recovery},
    year={2014},
    pages={604--615},
    doi={10.1109/ICDE.2014.6816685},
    ISSN={1063-6382},
    month={March},
}