@article{haigh16,
    author = {Haigh, Thomas},
    title = {How Charles Bachman Invented the DBMS, a Foundation of Our Digital World},
    journal = {Commun. ACM},
    issue_date = {July 2016},
    volume = {59},
    number = {7},
    month = jun,
    year = {2016},
    pages = {25--30},
    url = {http://doi.acm.org/10.1145/2935880},
} 

@misc{bachman-interview,
    title = {{Oral-History:Charles Bachman}},
    month = {April},
    year = {2011},
    howpublished = {\url{http://ethw.org/Oral-History:Charles_Bachman}}
} 

@article{stonebraker2005goes,
  title={What goes around comes around},
  author={Stonebraker, Michael and Hellerstein, Joey},
  journal={Readings in Database Systems},
  volume={4},
  year={2005},
  publisher={M. Stonebraker, and JM Hellerstein}
}

@article{michaels76,
    author = {Michaels, Ann S. and Mittman, Benjamin and Carlson, C. Robert},
    title = {A Comparison of the Relational and CODASYL Approaches to Data-Base Management},
    journal = {ACM Comput. Surv.},
    issue_date = {March 1976},
    volume = {8},
    number = {1},
    month = mar,
    year = {1976},
    url = {http://doi.acm.org/10.1145/356662.356668},
}

@article{cattell10,
    author = {Cattell, Rick},
    title = {Scalable SQL and NoSQL data stores},
    journal = {SIGMOD Rec.},
    issue_date = {December 2010},
    volume = {39},
    issue = {4},
    year = {2011},
    pages = {12--27},
    url = {http://doi.acm.org/10.1145/1978915.1978919},
}

@article{pavlo16,
    author = {Pavlo, Andrew and Aslett, Matthew},
    title = {What's Really New with NewSQL?},
    journal = {SIGMOD Rec.},
    issue_date = {June 2016},
    volume = {45},
    number = {2},
    month = sep,
    year = {2016},
    pages = {45--55},
    url = {http://doi.acm.org/10.1145/3003665.3003674},
}

@incollection{aslett11,
    author = {Matt Aslett},
    title = {How will the database incumbents respond to {NoSQL} and {NewSQL}?},
    month = {April},
    year = {2011},
    publisher = {The 451 Group},
    url = {http://www.the451group.com/report_view/report_view.php?entity_id=66963}
}

@article{codd70,
    author = {Codd, E. F.},
    title = {A Relational Model of Data for Large Shared Data Banks},
    journal = {Commun. ACM},
    issue_date = {June 1970},
    volume = {13},
    number = {6},
    month = jun,
    year = {1970},
    pages = {377--387},
    url = {http://doi.acm.org/10.1145/362384.362685},
} 

@book{zdonik89,
    editor = {Zdonik, Stanley B. and Maier, David},
    title = {Readings in Object-oriented Database Systems},
    year = {1990},
    isbn = {0-55860-000-0},
    publisher = {Morgan Kaufmann Publishers Inc.},
} 

@misc{pezzini14,
    author = {Massimo Pezzini and Donald Feinberg and Nigel Rayner and Roxane Edjlali},
    title = {{Hybrid Transaction/Analytical Processing Will Foster Opportunities for Dramatic 
              Business Innovation}},
    howpublished = {\url{https://www.gartner.com/doc/2657815/}},  
    year   = {2014}
}

@book{klein12,
    author = {Klein, Barbara and Long, Richard Alan and Blackman, Kenneth Ray and 
            Goff, Diane Lynne and Nathan, Stephen Paul and Lanyi, Moira McFadden and 
            Wilson, Margaret M. and Butterweck, John and Sherrill, Sandra L.},
    title = {An Introduction to IMS: Your Complete Guide to IBM Information Management System},
    year = {2012},
    edition = {2nd},
    publisher = {IBM Press},
} 

@article{bachman66,
    author    = {Charles W. Bachman},
    title     = {On a generalized language for file organization and manipulation},
    journal   = {Commun. {ACM}},
    volume    = {9},
    number    = {3},
    pages     = {225--226},
    year      = {1966},
    url       = {http://doi.acm.org/10.1145/365230.365272},
}

@article{taylor76,
    author = {Taylor, Robert W. and Frank, Randall L.},
    title = {CODASYL Data-Base Management Systems},
    journal = {ACM Comput. Surv.},
    issue_date = {March 1976},
    volume = {8},
    number = {1},
    month = mar,
    year = {1976},
    pages = {67--103},
    url = {http://doi.acm.org/10.1145/356662.356666},
} 