@inproceedings{p409-youssefi,
  author = {Youssefi, Karel and
            Wong, Eugene},
  title = {Query Processing In A Relational Database Management System},
  booktitle = {Fifth International Conference on Very Large Data Bases, 1979},
  month = {Oct},
  year = {1979},
  doi = {https://ieeexplore.ieee.org/document/718156/},
}

@inproceedings{p23-selinger,
  author = {Griffiths Selinger, P. and
            Astrahan, M. M. and
            Chamberlin, D. D. and
            Lorie, R. A. and
            Price, T. G.},
  title = {Access path selection in a relational database management system},
  booktitle = {SIGMOD '79 Proceedings of the 1979 ACM SIGMOD international conference on Management of data},
  month = {June},
  year = {1979},
  pages = {23--34},
  doi = {https://dl.acm.org/citation.cfm?id=582099},
}


@inproceedings{p9-ioannidis,
  author = {Ionnidis, Yannis E. and
            Wong, Eugene},
  title = {Query optimization by simulated annealing},
  booktitle = {SIGMOD '87 Proceedings of the 1987 ACM SIGMOD international conference on Management of data},
  month = {Dec},
  year = {1987},
  pages = {9--22},
  doi = {https://dl.acm.org/citation.cfm?id=38722},
}

@inproceedings{p18-lohman,
  author = {Lohman, Guy M.},
  title = {Grammar-like functional rules for representing query optimization alternatives},
  booktitle = {SIGMOD '88 Proceedings of the 1988 ACM SIGMOD international conference on Management of data},
  month = {June},
  year = {1988},
  pages = {18--27},
  doi = {https://dl.acm.org/citation.cfm?id=50204},
}


@inproceedings{p209-graefe,
  author = {Graefe, Goetz and
            McKenna, William J.},
  title = {The Volcano Optimizer Generator: Extensibility and Efficient Search},
  booktitle = {Proceedings of the Ninth International Conference on Data Engineering},
  month = {April},
  year = {1993},
  pages = {209--218},
  doi = {https://15721.courses.cs.cmu.edu/spring2017/papers/14-optimizer1/graefe-icde1993.pdf},
}
