@inproceedings{p1-berenson,
  author = {Berenson, Hal and Bernstein, Phil and Gray, Jim and Melton Jim and O'Neil, Elizabeth and O'Neil, Patrick},
  title = {A critique of ANSI SQL isolation levels},
  booktitle = {SIGMOD '95 Proceedings of the 1995 ACM SIGMOD international conference on Management of data},
  pages = {1-10},
  url = {https://dl.acm.org/citation.cfm?id=223785},
}

@inproceedings{p781-wu,
  author = {Wu, Yingjun and
            Arulraj, Joy and
            Lin, Jiexi and
            Xian, Ran and
            Pavlo, Andrew},
  title = {An empirical evaluation of in-memory multi-version concurrency control},
  booktitle = {VLDB '17: Proceedings of the VLDB Endowment},
  volume = {10},
  number = {7},
  month = {March},
  year = {2017},
  pages = {781-792},
  url = {https://dl.acm.org/citation.cfm?id=3067427},
}
