@article{Psaroudakis2015,
 author = {Psaroudakis, Iraklis and Scheuer, Tobias and May, Norman and Sellami, Abdelkader and Ailamaki, Anastasia},
 title = {Scaling up Concurrent Main-Memory Column-Store Scans: Towards Adaptive NUMA-Aware Data and Task Placement},
 year = {2015},
 issue_date = {August 2015},
 publisher = {VLDB Endowment},
 volume = {8},
 number = {12},
 issn = {2150-8097},
 url = {https://doi.org/10.14778/2824032.2824043},
 doi = {10.14778/2824032.2824043},
 journal = {Proc. VLDB Endow.},
 month = aug,
 pages = {1442–1453},
 numpages = {12}
}

@inproceedings{Leis2014,
 author = {Leis, Viktor and Boncz, Peter and Kemper, Alfons and Neumann, Thomas},
 title = {Morsel-Driven Parallelism: A NUMA-Aware Query Evaluation Framework for the Many-Core Age},
 year = {2014},
 isbn = {9781450323765},
 publisher = {Association for Computing Machinery},
 address = {New York, NY, USA},
 url = {https://doi.org/10.1145/2588555.2610507},
 doi = {10.1145/2588555.2610507},
 booktitle = {Proceedings of the 2014 ACM SIGMOD International Conference on Management of Data},
 pages = {743–754},
 numpages = {12},
 keywords = {NUMA-awareness, morsel-driven parallelism},
 location = {Snowbird, Utah, USA},
 series = {SIGMOD ’14}
}



