@inproceedings{Moerkotte2013,
author = {Moerkotte, Guido and Fender, Pit and Eich, Marius},
title = {On the Correct and Complete Enumeration of the Core Search Space},
year = {2013},
isbn = {9781450320375},
publisher = {Association for Computing Machinery},
address = {New York, NY, USA},
url = {https://doi.org/10.1145/2463676.2465314},
doi = {10.1145/2463676.2465314},
booktitle = {Proceedings of the 2013 ACM SIGMOD International Conference on Management of Data},
pages = {493–504},
numpages = {12},
keywords = {non-inner joins, join ordering, query optimization},
location = {New York, New York, USA},
series = {SIGMOD ’13}
}
  
@inproceedings{Moerkotte2008,
	author = {Moerkotte, Guido and Neumann, Thomas},
	title = {Dynamic Programming Strikes Back},
	year = {2008},
	isbn = {9781605581026},
	publisher = {Association for Computing Machinery},
	address = {New York, NY, USA},
	url = {https://doi.org/10.1145/1376616.1376672},
	doi = {10.1145/1376616.1376672},
	booktitle = {Proceedings of the 2008 ACM SIGMOD International Conference on Management of Data},
	pages = {539–552},
	numpages = {14},
	keywords = {query optimization, hypergraphs, complex joins},
	location = {Vancouver, Canada},
	series = {SIGMOD ’08}
}

@article{Graefe1995,
	title={The Cascades Framework for Query Optimization},
	author={Graefe, Goetz},
	journal={IEEE Data Eng. Bull.},
	pages={19--29},
	year={1995}
}

@book{Xu1998,
	title={Efficiency in the Columbia Database Query Optimizer},
	author={Xu, Y.},
	url={https://books.google.com/books?id=dGmYNwAACAAJ},
	year={1998},
	publisher={Portland State University}
}

@inproceedings{Shapiro2001,
	author = {Shapiro, Leonard D. and Maier, David and Benninghoff, Paul and Billings, Keith and Fan, Yubo and Hatwal, Kavita and Wang, Quan and Zhang, Yu and Wu, Hsiao-min and Vance, Bennet},
	title = {Exploiting Upper and Lower Bounds In Top-Down Query Optimization},
	year = {2001},
	isbn = {0769511406},
	publisher = {IEEE Computer Society},
	address = {USA},
	booktitle = {Proceedings of the International Database Engineering \& Applications Symposium},
	pages = {20–33},
	numpages = {14},
	series = {IDEAS ’01}
}

@inproceedings{Soliman2014,
	author = {Soliman, Mohamed A. and Antova, Lyublena and Raghavan, Venkatesh and El-Helw, Amr and Gu, Zhongxian and Shen, Entong and Caragea, George C. and Garcia-Alvarado, Carlos and Rahman, Foyzur and Petropoulos, Michalis and Waas, Florian and Narayanan, Sivaramakrishnan and Krikellas, Konstantinos and Baldwin, Rhonda},
	title = {Orca: A Modular Query Optimizer Architecture for Big Data},
	year = {2014},
	isbn = {9781450323765},
	publisher = {Association for Computing Machinery},
	address = {New York, NY, USA},
	url = {https://doi.org/10.1145/2588555.2595637},
	doi = {10.1145/2588555.2595637},
	booktitle = {Proceedings of the 2014 ACM SIGMOD International Conference on Management of Data},
	pages = {337–348},
	numpages = {12},
	keywords = {parallel processing, query optimization, cost model, mpp},
	location = {Snowbird, Utah, USA},
	series = {SIGMOD ’14}
}

@inproceedings{Begoli2018,
	author = {Begoli, Edmon and Camacho-Rodr\'{\i}guez, Jes\'{u}s and Hyde, Julian and Mior, Michael J. and Lemire, Daniel},
	title = {Apache Calcite: A Foundational Framework for Optimized Query Processing Over Heterogeneous Data Sources},
	year = {2018},
	isbn = {9781450347037},
	publisher = {Association for Computing Machinery},
	address = {New York, NY, USA},
	url = {https://doi.org/10.1145/3183713.3190662},
	doi = {10.1145/3183713.3190662},
	booktitle = {Proceedings of the 2018 International Conference on Management of Data},
	pages = {221–230},
	numpages = {10},
	keywords = {relational semantics, query algebra, data management, storage adapters, modular query optimization, apache calcite},
	location = {Houston, TX, USA},
	series = {SIGMOD ’18}
}


