@inproceedings{Raasveldt2017,
  author = {Raasveldt, Mark and
            Muhleisen, Hannes},
  title = {Don't hold my data hostage: a case for client protocol redesign},
  booktitle = {Proceedings of the VLDB Endowment},
  month = {June},
  volume = {10},
  number = {10},
  year = {2017},
  pages = {1022--1033},
  doi = {https://dl.acm.org/citation.cfm?id=3115408},
}
