@inproceedings{Polychroniou2015,
author = {Polychroniou, Orestis and Raghavan, Arun and Ross, Kenneth A.},
title = {Rethinking SIMD Vectorization for In-Memory Databases},
year = {2015},
isbn = {9781450327589},
publisher = {Association for Computing Machinery},
address = {New York, NY, USA},
url = {https://doi.org/10.1145/2723372.2747645},
doi = {10.1145/2723372.2747645},
booktitle = {Proceedings of the 2015 ACM SIGMOD International Conference on Management of Data},
pages = {1493–1508},
numpages = {16},
keywords = {simd, xeon phi, vectorization},
location = {Melbourne, Victoria, Australia},
series = {SIGMOD ’15}
}
  
