@inproceedings{jlee2016sap,
 author = {Lee, Juchang and Shin, Hyungyu and Park, Chang Gyoo and Ko, Seongyun and Noh, Jaeyun and Chuh, Yongjae and Stephan, Wolfgang and Han, Wook-Shin},
 title = {Hybrid Garbage Collection for Multi-Version Concurrency Control in SAP HANA},
 booktitle = {Proceedings of the 2016 International Conference on Management of Data},
 series = {SIGMOD '16},
 year = {2016},
 pages = {1307--1318},
 numpages = {12},
 doi = {10.1145/2882903.2903734},
} 