@inproceedings{DBLP:conf/cidr/BonczZN05,
  author    = {Peter A. Boncz and
               Marcin Zukowski and
               Niels Nes},
  title     = {MonetDB/X100: Hyper-Pipelining Query Execution},
  booktitle = {{CIDR} 2005, Second Biennial Conference on Innovative Data Systems
               Research, Asilomar, CA, USA, January 4-7, 2005, Online Proceedings},
  pages     = {225--237},
  year      = {2005},
  crossref  = {DBLP:conf/cidr/2005},
  url       = {http://cidrdb.org/cidr2005/papers/P19.pdf},
  timestamp = {Thu, 29 Jun 2017 19:21:38 +0200},
  biburl    = {https://dblp.org/rec/bib/conf/cidr/BonczZN05},
  bibsource = {dblp computer science bibliography, https://dblp.org}
}

