@inproceedings{p21-lim,
  author = {Lim, Hyeontaek and
            Kaminsky, Michael and
            Andersen, David G.},
  title = {Cicada: Dependably Fast Multi-Core In-Memory Transactions},
  booktitle = {SIGMOD '17: Proceedings of the 2008 ACM SIGMOD International Conference on Management
of Data},
  year = {2017},
  pages = {21--35},
  doi = {https://dl.acm.org/citation.cfm?id=2749436},
}

@inproceedings{p298-larson,
  author = {Larson, Per-Ake and
            Blanas, Spyros and
            Diaconu, Cristian and
            Freedman, Craig and
            Patel, Jignesh M. and
            Zwilling, Mike},
  title = {High-Performance Concurrency Control Mechanisms for Main-Memory Databases},
  booktitle = {VLDB '11: Proceedings of the VLDB Endowment},
  volume = {5},
  number = {4},
  month = {December},
  year = {2011},
  pages = {298--309},
  url = {https://dl.acm.org/citation.cfm?id=2095686.2095689},
}


@inproceedings{p677-neumann,
  author = {Neumann, Thomas and
            MÃ¼hlbauer, Tobias and
            Kemper, Alfons},
  title = {Fast Serializable Multi-Version Concurrency Control
for Main-Memory Database Systems},
  booktitle = {SIGMOD '15: Proceedings of the 2008 ACM SIGMOD International Conference on Management
of Data},
  year = {2015},
  pages = {677--689},
  doi = {https://dl.acm.org/citation.cfm?id=2749436},
}
