
@article{p203-graefe,
    author = {Graefe, Goetz},
    title = {Modern B-Tree Techniques},
    journal = {Foundations and Trends in Databases},
    volume = {3},
    number = {4},
    year = {2011},
    pages={203--402},
    url = {https://www.nowpublishers.com/article/Details/DBS-028},
}


@inproceedings{leis-icde2013,
  author = {Leis, Viktor and
            Kemper, Alfons and
            Neumann, Thomas},
  title = {The Adaptive Radix Tree: ARTful indexing for main-memory databases},
  booktitle = {ICDE '13 Proceedings of the 2013 IEEE International Conference on Data Engineering (ICDE 2013)},
  month = {April},
  year = {2013},
  pages = {38--49},
  doi = {https://dl.acm.org/citation.cfm?id=2511193},
}

@inproceedings{leis-damon2016,
  author = {Leis, Viktor and
            Scheibner, Florian and
            Kemper, Alfons and
            Neumann, Thomas},
  title = {The ART of practical synchronization},
  booktitle = {DaMoN '16 Proceedings of the 12th International Workshop on Data Management on New Hardware},
  month = {June},
  year = {2016},
  number={3},
  doi = {https://dl.acm.org/citation.cfm?id=2933352},
}
