@article{Graefe:2014,
 author = {Graefe, Goetz and Volos, Haris and Kimura, Hideaki and Kuno, Harumi and Tucek, Joseph and Lillibridge, Mark and Veitch, Alistair},
 title = {In-memory Performance for Big Data},
 journal = {Proc. VLDB Endow.},
 issue_date = {September 2014},
 volume = {8},
 number = {1},
 month = sep,
 year = {2014},
 issn = {2150-8097},
 pages = {37--48},
 numpages = {12},
 acmid = {2735465},
 publisher = {VLDB Endowment},
} 

@inproceedings{Ma,
 author = {Ma, Lin and Arulraj, Joy and Zhao, Sam and Pavlo, Andrew and Dulloor, Subramanya R. and Giardino, Michael J. and Parkhurst, Jeff and Gardner, Jason L. and Doshi, Kshitij and Zdonik, Stanley},
 title = {Larger-than-memory Data Management on Modern Storage Hardware for In-memory OLTP Database Systems},
 booktitle = {Proceedings of the 12th International Workshop on Data Management on New Hardware},
 series = {DaMoN '16},
 year = {2016},
 isbn = {978-1-4503-4319-0},
 location = {San Francisco, California},
 pages = {9:1--9:7},
 articleno = {9},
 numpages = {7},
 acmid = {2933358},
 publisher = {ACM},
 address = {New York, NY, USA},
} 

@article{DeBrabant:2013,
 author = {DeBrabant, Justin and Pavlo, Andrew and Tu, Stephen and Stonebraker, Michael and Zdonik, Stan},
 title = {Anti-caching: A New Approach to Database Management System Architecture},
 journal = {Proc. VLDB Endow.},
 issue_date = {September 2013},
 volume = {6},
 number = {14},
 month = sep,
 year = {2013},
 issn = {2150-8097},
 pages = {1942--1953},
 numpages = {12},
 acmid = {2556575},
 publisher = {VLDB Endowment},
} 

@article{Eldawy:2014,
 author = {Eldawy, Ahmed and Levandoski, Justin and Larson, Per-\AAke},
 title = {Trekking Through Siberia: Managing Cold Data in a Memory-optimized Database},
 journal = {Proc. VLDB Endow.},
 issue_date = {July 2014},
 volume = {7},
 number = {11},
 month = jul,
 year = {2014},
 issn = {2150-8097},
 pages = {931--942},
 numpages = {12},
 acmid = {2732968},
 publisher = {VLDB Endowment},
} 

@inproceedings{Stoica:2013,
 author = {Stoica, Radu and Ailamaki, Anastasia},
 title = {Enabling Efficient OS Paging for Main-memory OLTP Databases},
 booktitle = {Proceedings of the Ninth International Workshop on Data Management on New Hardware},
 series = {DaMoN '13},
 year = {2013},
 isbn = {978-1-4503-2196-9},
 location = {New York, New York},
 pages = {7:1--7:7},
 articleno = {7},
 numpages = {7},
 acmid = {2485285},
 publisher = {ACM},
 address = {New York, NY, USA},
} 

@INPROCEEDINGS{8509247, 
author={V. {Leis} and M. {Haubenschild} and A. {Kemper} and T. {Neumann}}, 
booktitle={2018 IEEE 34th International Conference on Data Engineering (ICDE)}, 
title={LeanStore: In-Memory Data Management beyond Main Memory}, 
year={2018}, 
pages={185-196}, 
doi={10.1109/ICDE.2018.00026}, 
ISSN={2375-026X}, 
month={April},}