@article{veldhuizen2012leapfrog,
  title={Leapfrog triejoin: a worst-case optimal join algorithm},
  author={Veldhuizen, Todd L},
  journal={arXiv preprint arXiv:1210.0481},
  year={2012}
}

@article{freitag2020adopting,
  title={Adopting worst-case optimal joins in relational database systems},
  author={Freitag, Michael and Bandle, Maximilian and Schmidt, Tobias and Kemper, Alfons and Neumann, Thomas},
  journal={Proceedings of the VLDB Endowment},
  volume={13},
  number={12},
  pages={1891--1904},
  year={2020},
  publisher={VLDB Endowment}
}
