
@article{p203-graefe,
    author = {Graefe, Goetz},
    title = {Modern B-Tree Techniques},
    journal = {Foundations and Trends in Databases},
    volume = {3},
    number = {4},
    year = {2011},
    pages={203--402},
    url = {https://www.nowpublishers.com/article/Details/DBS-028},
}


@inproceedings{leis-icde2013,
  author = {Leis, Viktor and
            Kemper, Alfons and
            Neumann, Thomas},
  title = {The Adaptive Radix Tree: ARTful indexing for main-memory databases},
  booktitle = {ICDE '13 Proceedings of the 2013 IEEE International Conference on Data Engineering (ICDE 2013)},
  month = {April},
  year = {2013},
  pages = {38--49},
}

@INPROCEEDINGS{7113370, 
author={V. {Alvarez} and S. {Richter} and X. {Chen} and J. {Dittrich}}, 
booktitle={2015 IEEE 31st International Conference on Data Engineering}, 
title={A comparison of adaptive radix trees and hash tables}, 
year={2015}, 
pages={1227-1238}, 
month={April},}

@inproceedings{Mao:2012:CCF:2168836.2168855,
 author = {Mao, Yandong and Kohler, Eddie and Morris, Robert Tappan},
 title = {Cache Craftiness for Fast Multicore Key-value Storage},
 booktitle = {Proceedings of the 7th ACM European Conference on Computer Systems},
 series = {EuroSys '12},
 year = {2012},
 location = {Bern, Switzerland},
 pages = {183--196},
 numpages = {14},
 acmid = {2168855},
 publisher = {ACM},
}

@inproceedings{Leis,
 author = {Leis, Viktor and Scheibner, Florian and Kemper, Alfons and Neumann, Thomas},
 title = {The ART of Practical Synchronization},
 booktitle = {Proceedings of the 12th International Workshop on Data Management on New Hardware},
 series = {DaMoN '16},
 year = {2016},
 location = {San Francisco, California},
 pages = {3:1--3:8},
 articleno = {3},
 numpages = {8},
 acmid = {2933352},
 publisher = {ACM},
 address = {New York, NY, USA},
} 