@article{p31-roth,
    author = {Roth, A Mark and
              Van Horn, Scott J.},
    title = {Database Compression},
    journal = {ACM SIGMOD Record},
    volume = {22},
    number = {3},
    month = {Sept},
    year = {2013},
    pages = {31--39},
    url = {https://dl.acm.org/citation.cfm?id=163096},
}

@incollection{franklin14,
  author    = {O'Neill, Patrick E.},
  title     = {MODEL 204 architecture and performance},
  booktitle = {High Performance Transaction Systems},
  pages     = {39--59},
  year      = {2005},
  url = {https://link.springer.com/chapter/10.1007%2F3-540-51085-0_42#citeas}
}

@article{p283-binnig,
    author = {Binning, Carsten and
              Hildenbrand, Stefan and
              Farber, Franz},
    title = {Dictionary-based order-preserving string compression for main memory column stores},
    journal = {SIGMOD '09: Proceedings of the 2009 ACM SIGMOD International Conference on Management of data},
    pages = {283--296},
    year = {2009},
    url = {https://dl.acm.org/citation.cfm?id=1559877},
}
