@inproceedings{Rundefinedducanu2013,
author = {Rundefinedducanu, Bogdan and Boncz, Peter and Zukowski, Marcin},
title = {Micro Adaptivity in Vectorwise},
year = {2013},
isbn = {9781450320375},
publisher = {Association for Computing Machinery},
address = {New York, NY, USA},
url = {https://doi.org/10.1145/2463676.2465292},
doi = {10.1145/2463676.2465292},
booktitle = {Proceedings of the 2013 ACM SIGMOD International Conference on Management of Data},
pages = {1231–1242},
numpages = {12},
keywords = {adaptive, query processing, self tuning},
location = {New York, New York, USA},
series = {SIGMOD ’13}
}
  
@article{Neumann2011,
	author = {Neumann, Thomas},
	title = {Efficiently Compiling Efficient Query Plans for Modern Hardware},
	year = {2011},
	issue_date = {June 2011},
	publisher = {VLDB Endowment},
	volume = {4},
	number = {9},
	issn = {2150-8097},
	url = {https://doi.org/10.14778/2002938.2002940},
	doi = {10.14778/2002938.2002940},
	journal = {Proc. VLDB Endow.},
	month = jun,
	pages = {539–550},
	numpages = {12}
}

@article{Kersten2018,
	author = {Kersten, Timo and Leis, Viktor and Kemper, Alfons and Neumann, Thomas and Pavlo, Andrew and Boncz, Peter},
	title = {Everything You Always Wanted to Know about Compiled and Vectorized Queries but Were Afraid to Ask},
	year = {2018},
	issue_date = {September 2018},
	publisher = {VLDB Endowment},
	volume = {11},
	number = {13},
	issn = {2150-8097},
	url = {https://doi.org/10.14778/3275366.3284966},
	doi = {10.14778/3275366.3284966},
	journal = {Proc. VLDB Endow.},
	month = sep,
	pages = {2209–2222},
	numpages = {14}
}

@article{Menon2017,
	author = {Menon, Prashanth and Mowry, Todd C. and Pavlo, Andrew},
	title = {Relaxed Operator Fusion for In-Memory Databases: Making Compilation, Vectorization, and Prefetching Work Together at Last},
	year = {2017},
	issue_date = {September 2017},
	publisher = {VLDB Endowment},
	volume = {11},
	number = {1},
	issn = {2150-8097},
	url = {https://doi.org/10.14778/3151113.3151114},
	doi = {10.14778/3151113.3151114},
	journal = {Proc. VLDB Endow.},
	month = sep,
	pages = {1–13},
	numpages = {13}
}



