@inproceedings{p104-lehman,
  author = {Lehman, Tobin J. and
            Carey, Michael J.},
  title = {A recovery algorithm for a high-performance memory-resident database system},
  booktitle = {SIGMOD '87 Proceedings of the 1987 ACM SIGMOD international conference on Management of data},
  month = {Dec},
  year = {1987},
  pages = {104--117},
  url = {https://dl.acm.org/citation.cfm?id=38730},
}

@inproceedings{zheng-osdi14,
  author = {Zheng, Wenting and
            Tu, Stephen and
            Kohler, Eddie and
            Liskov, Barbara},
  title = {Fast databases with fast durability and recovery through multicore parallelism},
  booktitle = {OSDI'14 Proceedings of the 11th USENIX conference on Operating Systems Design and Implementation},
  month = {Oct},
  year = {2014},
  pages = {465--477},
  url = {https://dl.acm.org/citation.cfm?id=2685085},
}

@inproceedings{5507562, 
  author={M. N. {Horak} and S. M. {Nowick} and M. {Carlberg} and U. {Vishkin}}, 
  booktitle={2010 Fourth ACM/IEEE International Symposium on Networks-on-Chip}, 
  title={A Low-Overhead Asynchronous Interconnection Network for GALS Chip Multiprocessors}, 
  year={2010}, 
  volume={}, 
  number={}, 
  pages={43-50},
  month={May},
}

@inproceedings{5767867, 
  author={A. {Kemper} and T. {Neumann}}, 
  booktitle={2011 IEEE 27th International Conference on Data Engineering}, 
  title={HyPer: A hybrid OLTP OLAP main memory database system based on virtual memory snapshots}, 
  year={2011}, 
  volume={}, 
  number={}, 
  pages={195-206}, 
  month={April},
}

@inproceedings{Goel:2014,
  author = {Goel, Aakash and Chopra, Bhuwan and Gerea, Ciprian and M\'{a}t\'{a}ni, Dhruv and Metzler, Josh and Ul Haq, Fahim and Wiener, Janet},
  title = {Fast Database Restarts at Facebook},
  booktitle = {Proceedings of the 2014 ACM SIGMOD International Conference on Management of Data},
  series = {SIGMOD '14},
  year = {2014},
  pages = {541--549},
} 

@INPROCEEDINGS{8509247, 
author={V. {Leis} and M. {Haubenschild} and A. {Kemper} and T. {Neumann}}, 
booktitle={2018 IEEE 34th International Conference on Data Engineering (ICDE)}, 
title={LeanStore: In-Memory Data Management beyond Main Memory}, 
year={2018}, 
pages={185-196}, 
doi={10.1109/ICDE.2018.00026}, 
ISSN={2375-026X}, 
month={April},}