@book{ieee754,
    title={{IEEE standard for binary floating-point arithmetic}},
    booktitle={{IEEE standard for binary floating-point arithmetic}},
    publisher={Institute of Electrical and Electronics Engineers},
    address={New York},
    year={1985},
}


@inproceedings{p430-ramamurthy,
  author = {Ramamurthy, Ravishankar and
            DeWitt, David J. and
            Su, Qi},
  title = {A case for fractured mirrors},
  booktitle = {VLDB '02 Proceedings of the 28th international conference on Very Large Data Bases},
  month = {August},
  year = {2002},
  pages = {430--441},
  doi = {https://dl.acm.org/citation.cfm?id=1287407},
}

@inproceedings{p583-arulraj,
  author = {Arulraj, Joy and
            Pavlo, Andrew and
            Menon, Prashanth},
  title = {Bridging the Archipelago between Row-Stores and Column-Stores for Hybrid Workloads},
  booktitle = {SIGMOD '16 Proceedings of the 2016 International Conference on Management of Data},
  month = {June},
  year = {2016},
  pages = {583--598},
  doi = {https://dl.acm.org/citation.cfm?id=2915231},
}

@inproceedings{Abadi,
 author = {Abadi, Daniel J. and Madden, Samuel R. and Hachem, Nabil},
 title = {Column-stores vs. Row-stores: How Different Are They Really?},
 booktitle = {Proceedings of the 2008 ACM SIGMOD International Conference on Management of Data},
 series = {SIGMOD '08},
 year = {2008},
 location = {Vancouver, Canada},
 pages = {967--980},
 numpages = {14},
 acmid = {1376712},
 publisher = {ACM},
 address = {New York, NY, USA},
} 