@article{comer79,
    author = {Comer, Douglas},
    title = {Ubiquitous B-Tree},
    year = {1979},
    issue_date = {June 1979},
    volume = {11},
    number = {2},
    issn = {0360-0300},
    url = {https://doi.org/10.1145/356770.356776},
    doi = {10.1145/356770.356776},
    journal = {ACM Comput. Surv.},
    month = jun,
    pages = {121â€“137},
    numpages = {17}
}

@inproceedings{P294,
  author = {Lehman, Tobin J. and
            Carey, Michael J.},
  title = {A Study of Index Structures for Main Memory Database Management Systems},
  booktitle = {VLDB '86: Proceedings of the 12th international conference on Very large data bases},
  month = {August},
  year = {1986},
  pages = {294--303},
  url = {http://www.vldb.org/conf/1986/P294.PDF},
}

@article{p668-pugh,
    author = {Pugh, William},
    title = {Skip lists: a probabilistic alternative to balanced trees},
    journal = {Communications of the ACM},
    issue_date = {June 1990},
    volume = {33},
    number = {6},
    month = {June},
    year = {1990},
    pages={668--676},
    url = {https://dl.acm.org/citation.cfm?id=78977},
}
@TechReport{hpugh-concurrent-tr1990,
    author = {Pugh, William},
    title = {Concurrent maintenance of skip lists},
    year = {1990},
    url = {https://dl.acm.org/citation.cfm?id=93717},
}

@article{skiplists-done-right2016,
    title = {Skip Lists: Done Right},
    author = {Ticki},
    month = {Sept},
    year = {2016},
    url = {http://15721.courses.cs.cmu.edu/spring2018/papers/08-oltpindexes1/skiplists-done-right2016.pdf},
}

@inproceedings{bwtree-icde2013,
  author = {Levandoski, Justin J. and
            Lomet, David B. and
            Sengupta, Sudipta},
  title = {The BW-Tree: A B-tree for new hardware platforms},
  booktitle = {ICDE '13 Proceedings of the 2013 IEEE International Conference on Data Engineering (ICDE 2013)},
  month = {April},
  year = {2013},
  pages = {302--313},
  doi = {https://dl.acm.org/citation.cfm?id=2510649.2511251},
}

@TechReport{heytens95,
    author = {Heytens, M. and Listgarten, S. and Neimat, M-A. and Wilkinson, K.},
    title = {Smallbase: A Main-Memory DBMS for High-Performance Applications},
    institution = {Hewlett-Packard Laboratories},
    year = {1995},
}

@inproceedings{wang18,
 author = {Wang, Ziqi and Pavlo, Andrew and Lim, Hyeontaek and Leis, Viktor and Zhang, Huanchen and Kaminsky, Michael and Andersen, David G.},
 title = {Building a Bw-Tree Takes More Than Just Buzz Words},
 booktitle = {Proceedings of the 2018 International Conference on Management of Data},
 series = {SIGMOD '18},
 year = {2018},
 pages = {473--488},
 numpages = {16},
 doi = {10.1145/3183713.3196895},
} 
