@article{p213-kung,
    author = {Kung, H. T. and Robinson, John T.},
    title = {On optimistic methods for concurrency control},
    journal = {ACM Trans. Datab. Syst},
    issue_date = {June 1981},
    volume = {6},
    number = {2},
    month = {June},
    year = {1981},
    url = {https://dl.acm.org/citation.cfm?id=319567}
}

@inproceedings{p209-yu,
  author = {Yu, Xiangyao and Bezerra, George and Pavlo, Andrew and Devadas, Srinivas and Stonebraker, Michael},
  title = {Staring into the abyss: an evaluation of concurrency control with one thousand cores},
  booktitle = {VLDB '14: Proceedings of the VLDB Endowment},
  volume = {8},
  number = {13},
  month = {November},
  year = {2014},
  pages = {209-220},
  url = {https://dl.acm.org/citation.cfm?id=2735511},
}

@inproceedings{tu-sosp2013,
  author = {Tu, Stephen and Zheng, Wenting and Kohler, Eddie and Liskov, Barbara and Madden, Samuel},
  title = {Speedy transactions in multicore in-memory databases},
  booktitle = {SOSP '13: Proceedings of the Twenty-Fourth ACM Symposium on Operating Systems Principles},
  issue_date = {November 2013},
  month = {November},
  year = {2013},
  doi = {https://dl.acm.org/citation.cfm?id=2522713},
}

@misc{silo,
    title = {{Silo -  Multicore In-Memory Storage Engine}},
    howpublished = {\url{https://github.com/stephentu/silo}}
}


