@inproceedings{Listgarten1996,
  title={Modelling Costs for a MM-DBMS},
  author={Sherry Listgarten and Marie-Anne Neimat},
  booktitle={RTDB},
  year={1996}
}