@article{freedman14,
    title={Compilation in the Microsoft SQL Server Hekaton Engine},
    author={Craig Freedman and Erik Ismert and Per-{\AA}ke Larson},
    journal={IEEE Data Eng. Bull.},
    year={2014},
    volume={37},
    pages={22--30},
    url = {http://15721.courses.cs.cmu.edu/spring2017/papers/20-compilation/freedman-ieee2014.pdf},
}

@inproceedings{bonc05,
    author = {Boncz, Peter A. and Zukowski, Marcin and Nes, Niels},
    booktitle = {CIDR},
    pages = {225--237},
    year = 2005,
    url = {http://cidrdb.org/cidr2005/papers/P19.pdf},
}

@article{menon17,
  author    = {Prashanth Menon and
               Andrew Pavlo and
               Todd C. Mowry},
  title     = {Relaxed Operator Fusion for In-Memory Databases: Making Compilation,
               Vectorization, and Prefetching Work Together At Last},
  journal   = {{PVLDB}},
  volume    = {11},
  number    = {1},
  pages     = {1--13},
  year      = {2017},
  url       = {http://www.vldb.org/pvldb/vol11/p1-menon.pdf},
}


@INPROCEEDINGS{krikellas10,
    author={K. Krikellas and S. D. Viglas and M. Cintra},
    title={Generating code for holistic query evaluation},
    booktitle={2010 IEEE 26th International Conference on Data Engineering (ICDE 2010)},
    year={2010},
    month={March},
    pages={613--624},
    url={http://10.1109/ICDE.2010.5447892},
}

@article{neumann11,
    author = {Neumann, Thomas},
    title = {Efficiently Compiling Efficient Query Plans for Modern Hardware},
    journal = {Proc. VLDB Endow.},
    issue_date = {June 2011},
    volume = {4},
    number = {9},
    month = jun,
    year = {2011},
    pages = {539--550},
    numpages = {12},
    url = {http://dx.doi.org/10.14778/2002938.2002940},
} 

@inproceedings{lattner04,
    author = {Lattner, Chris and Adve, Vikram},
    title = {LLVM: A Compilation Framework for Lifelong Program Analysis \& Transformation},
    booktitle = {Proceedings of the International Symposium on Code Generation and Optimization: 
    Feedback-directed and Runtime Optimization},
    series = {CGO '04},
    year = {2004},
    pages = {75--},
    url = {http://dl.acm.org/citation.cfm?id=977395.977673},
} 

@INPROCEEDINGS{kohn18,
    author={Andre Kohn and Viktor Leis and Thomas Neumann},
    title={Generating code for holistic query evaluation},
    booktitle={ICDE)},
    year={2018},
    url={https://db.in.tum.de/~leis/papers/adaptiveexecution.pdf},
}

@article{graefe94,
    author = {Graefe, G.},
    title = {Volcano - An Extensible and Parallel Query Evaluation System},
    journal = {IEEE Trans. on Knowl. and Data Eng.},
    issue_date = {February 1994},
    volume = {6},
    number = {1},
    month = feb,
    year = {1994},
    pages = {120--135},
    url = {http://dx.doi.org/10.1109/69.273032},
} 

@article{chamberlin81,
    author = {Chamberlin, Donald D. and Astrahan, Morton M. and Blasgen, Michael W. and
            Gray, James N. and King, W. Frank and Lindsay, Bruce G. and Lorie, Raymond and 
            Mehl, James W. and Price, Thomas G. and Putzolu, Franco and 
            Selinger, Patricia Griffiths and Schkolnick, Mario and Slutz, Donald R. and 
            Traiger, Irving L. and Wade, Bradford W. and Yost, Robert A.},
    title = {A History and Evaluation of System R},
    journal = {Commun. ACM},
    issue_date = {Oct. 1981},
    volume = {24},
    number = {10},
    month = oct,
    year = {1981},
    pages = {632--646},
    url = {http://doi.acm.org/10.1145/358769.358784},
} 

@inproceedings{kornacker15,
    title={Impala: A Modern, Open-Source SQL Engine for Hadoop},
    author={Marcel Kornacker and Alexander Behm and Victor Bittorf and Taras Bobrovytsky and 
            Casey Ching and Alan Choi and Justin Erickson and Martin Grund and Daniel Hecht and 
            Matthew Jacobs and Ishaan Joshi and Lenni Kuff and Dileep Kumar and Alex Leblang and 
            Nong Li and Ippokratis Pandis and Henry Robinson and David Rorke and Silvius Rus and 
            John Russell and Dimitris Tsirogiannis and Skye Wanderman-Milne and Michael Yoder},
    booktitle={CIDR},
    year={2015},
    url = {http://cidrdb.org/cidr2015/Papers/CIDR15_Paper28.pdf},
}

@inproceedings{raducanu13,
    author = {R\u{a}ducanu, Bogdan and Boncz, Peter and Zukowski, Marcin},
    title = {Micro Adaptivity in Vectorwise},
    booktitle = {Proceedings of the 2013 ACM SIGMOD International Conference on Management of Data},
    series = {SIGMOD '13},
    year = {2013},
    pages = {1231--1242},
    url = {http://doi.acm.org/10.1145/2463676.2465292},
} 

@misc{paroski16,
    author = {Drew Paroski},
    title = {{Code Generation: The Inner Sanctum of Database Performance}},
    month = {September},
    year = {2016},
    url ={
http://highscalability.com/blog/2016/9/7/code-generation-the-inner-sanctum-of-database-performance.h 
tml}
}

@inproceedings{armbrust15,
    author = {Armbrust, Michael and Xin, Reynold S. and Lian, Cheng and Huai, Yin and 
            Liu, Davies and Bradley, Joseph K. and Meng, Xiangrui and Kaftan, Tomer and 
            Franklin, Michael J. and Ghodsi, Ali and Zaharia, Matei},
    title = {Spark SQL: Relational Data Processing in Spark},
    booktitle = {Proceedings of the 2015 ACM SIGMOD International Conference on Management of Data},
    series = {SIGMOD '15},
    year = {2015},
    pages = {1383--1394},
    url = {http://doi.acm.org/10.1145/2723372.2742797},
} 