@inproceedings{p104-lehman,
  author = {Lehman, Tobin J. and
            Carey, Michael J.},
  title = {A recovery algorithm for a high-performance memory-resident database system},
  booktitle = {SIGMOD '87 Proceedings of the 1987 ACM SIGMOD international conference on Management of data},
  month = {Dec}
  year = {1987},
  pages = {104--117},
  doi = {https://dl.acm.org/citation.cfm?id=38730},
}

@article{p94-mohan,
    author = {Mohan, C. and
              Haderle, Don and
              Lindsay, Bruce and
              Pirahesh, Hamid and
              Schwarz, Peter},
    title = {AARIES: a transaction recovery method supporting fine-granularity locking and partial rollbacks using write-ahead logging},
    journal = {ACM Trans. Datab. Syst},
    issue_date = {March 1992},
    volume = {17},
    number = {1},
    month = {MArch},
    year = {1992},
    pages = {94--162},
    url = {https://dl.acm.org/citation.cfm?id=128770},
}

@inproceedings{zheng-osdi14,
  author = {Zheng, Wenting and
            Tu, Stephen and
            Kohler, Eddie and
            Liskov, Barbara},
  title = {Fast databases with fast durability and recovery through multicore parallelism},
  booktitle = {OSDI'14 Proceedings of the 11th USENIX conference on Operating Systems Design and Implementation},
  month = {Oct},
  year = {2014},
  pages = {465--477},
  doi = {https://dl.acm.org/citation.cfm?id=2685085},
}

//TODO: Could not find an ACM citation for this paper
@inproceedings{malviya-icde14,
  author = {Malviya, Nirmesh and
            Weisberg, Ariel and
            Madden, Samuel and
            Stonebraker, Michael},
  title = {Rethinking main memory oltp recovery},
  booktitle = {In Proc. of ICDE},
  year = {2014},
}
